%% This BibTeX bibliography file was created using BibDesk.
%% http://www.cs.ucsd.edu/~mmccrack/bibdesk.html


%% Created for Graham Hughes at 2004-11-23 03:03:17 -0800 





@MastersThesis{detlef99jass,
  author = 	 {Detlef Bartetzko},
  title = 	 "Parallelit{\"a}t und {V}ererbung beim ``{P}rogrammieren mit {V}ertrag''---{W}eiterentwicklung von {J}a{WA}",
  school = 	 {University of Oldenburg, Germany},
  year = 	 {1999},
  OPTkey = 	 {},
  OPTtype = 	 {},
  OPTaddress = 	 {},
  OPTmonth = 	 {},
  OPTnote = 	 {},
  OPTannote = 	 {}
}

@InProceedings{reps95precise,
  author = 	 {T. Reps and S. Horowitz and M. Sagiv},
  title = 	 {Precise interprocedural dataflow analysis via graph reachability},
  booktitle = {POPL 95: Principles of Programming Languages},
  pages = 	 {49--61},
  year = 	 {1995},
  publisher = {ACM Press},
}

@InProceedings{burdy03overview,
  author = 	 {Lilian Burdy and Yoonsik Cheon and David Cok and Michael Ernst and Joe Kiniry and Gary T. Leavens and K. Rustan M. Leino and Erik Poll},
  title = 	 {An overview of {JML} tools and applications},
  booktitle = {Electronic Notes in Theoretical Computer Science},
  pages = 	 {73--89},
  year = 	 {2003},
  editor = 	 {Thomas Arts and Wan Fokkink},
  volume = 	 {80},
  address = 	 {Elsevier},
  month = 	 {June},
}

@Book{meyer92eiffel,
  author = 	 {Bertrand Meyer},
  title = 	 {Eiffel: The Language},
  publisher = 	 {Prentice Hall},
  year = 	 {1992},
}

@Article{meyer92applying,
  author = 	 {Bertrand Meyer},
  title = 	 {Applying Design by Contract},
  journal = 	 {IEEE Computer},
  year = 	 {1992},
  volume = 	 {25},
  number = 	 {10},
  pages = 	 {40--52},
  month = 	 {October},
}

@inproceedings{694486,
	Author = {Klaus Havelund and Grigore Rosu},
	Booktitle = {Proceedings of the 8th International Conference on Tools and Algorithms for the Construction and Analysis of Systems},
	Isbn = {3-540-43419-4},
	Pages = {342--356},
	Publisher = {Springer-Verlag},
	Title = {Synthesizing Monitors for Safety Properties},
	Year = {2002}}

@book{dijkstra76discipline,
	Address = {Englewood Cliffs, NJ},
	Author = {E. W. Dijkstra},
	Publisher = {Prentice Hall},
	Title = {A Discipline of Programming},
	Year = {1976}}

@inproceedings{940116,
	Author = {Koushik Sen and Grigore Rosu and Gul Agha},
	Booktitle = {Proceedings of the 9th European software engineering conference held jointly with 10th ACM SIGSOFT international symposium on Foundations of software engineering},
	Doi = {http://doi.acm.org/10.1145/940071.940116},
	Isbn = {1-58113-743-5},
	Location = {Helsinki, Finland},
	Pages = {337--346},
	Publisher = {ACM Press},
	Title = {Runtime safety analysis of multithreaded programs},
	Year = {2003}}

@inproceedings{263717,
	Author = {Patrice Godefroid},
	Booktitle = {Proceedings of the 24th ACM SIGPLAN-SIGACT symposium on Principles of programming languages},
	Doi = {http://doi.acm.org/10.1145/263699.263717},
	Isbn = {0-89791-853-3},
	Location = {Paris, France},
	Pages = {174--186},
	Publisher = {ACM Press},
	Title = {Model checking for programming languages using {V}eri{S}oft},
	Year = {1997}}

@inproceedings{733607,
	Author = {Patrice Godefroid},
	Booktitle = {Proceedings of the 9th International Conference on Computer Aided Verification},
	Isbn = {3-540-63166-6},
	Pages = {476--479},
	Publisher = {Springer-Verlag},
	Title = {{V}eri{S}oft: A Tool for the Automatic Analysis of Concurrent Reactive Software},
	Year = {1997}}

@inproceedings{DBLP:conf/ecoop/2004,
	Author = {Robert DeLine and Manuel F{\"a}hndrich},
	Bibsource = {DBLP, http://dblp.uni-trier.de},
	Booktitle = {ECOOP},
	Editor = {Martin Odersky},
	Isbn = {3-540-22159-X},
	Pages = {465--490},
	Publisher = {Springer},
	Series = {Lecture Notes in Computer Science},
	Title = {Typestates for Objects},
	Volume = {3086},
	Year = {2004}}

@inproceedings{964023,
	Author = {Cormac Flanagan and Stephen N Freund},
	Booktitle = {Proceedings of the 31st ACM SIGPLAN-SIGACT symposium on Principles of programming languages},
	Doi = {http://doi.acm.org/10.1145/964001.964023},
	Isbn = {1-58113-729-X},
	Location = {Venice, Italy},
	Pages = {256--267},
	Publisher = {ACM Press},
	Title = {Atomizer: a dynamic atomicity checker for multithreaded programs},
	Year = {2004}}

@article{265927,
	Author = {Stefan Savage and Michael Burrows and Greg Nelson and Patrick Sobalvarro and Thomas Anderson},
	Doi = {http://doi.acm.org/10.1145/265924.265927},
	Issn = {0734-2071},
	Journal = {ACM Trans. Comput. Syst.},
	Number = {4},
	Pages = {391--411},
	Publisher = {ACM Press},
	Title = {Eraser: a dynamic data race detector for multithreaded programs},
	Volume = {15},
	Year = {1997}}

@inproceedings{havelund00using,
	Author = {Klaus Havelund},
	Booktitle = {{SPIN} Model Checking and Software Verification},
	Editor = {Kalus Havelund and John Penix and Willem Visser},
	Pages = {245--264},
	Publisher = {{Springer}},
	Series = {Lecture Notes in Computer Science},
	Title = {Using Runtime Analysis to Guide Model Checking of Java Programs},
	Url = {citeseer.ist.psu.edu/havelund00using.html},
	Volume = {1885},
	Year = {2000}}

@inproceedings{512538,
	Author = {Manuvir Das and Sorin Lerner and Mark Seigle},
	Booktitle = {Proceedings of the ACM SIGPLAN 2002 Conference on Programming language design and implementation},
	Doi = {http://doi.acm.org/10.1145/512529.512538},
	Isbn = {1-58113-463-0},
	Location = {Berlin, Germany},
	Pages = {57--68},
	Publisher = {ACM Press},
	Title = {{ESP}: path-sensitive program verification in polynomial time},
	Year = {2002}}

@inproceedings{349332,
	Author = {Manuel F{\"a}hndrich and Jakob Rehof and Manuvir Das},
	Booktitle = {Proceedings of the ACM SIGPLAN 2000 Conference on Programming language design and implementation},
	Doi = {http://doi.acm.org/10.1145/349299.349332},
	Isbn = {1-58113-199-2},
	Location = {Vancouver, British Columbia, Canada},
	Pages = {253--263},
	Publisher = {ACM Press},
	Title = {Scalable context-sensitive flow analysis using instantiation constraints},
	Year = {2000}}

@inproceedings{776863,
	Author = {Sagar Chaki and Edmund Clarke and Alex Groce and Somesh Jha and Helmut Veith},
	Booktitle = {Proceedings of the 25th international conference on Software engineering},
	Isbn = {0-7695-1877-X},
	Location = {Portland, Oregon},
	Pages = {385--395},
	Publisher = {IEEE Computer Society},
	Title = {Modular verification of software components in {C}},
	Year = {2003}}

@inproceedings{786967,
	Author = {Willem Visser and Klaus Havelund and Guillaume Brat and SeungJoon Park},
	Booktitle = {Proceedings of the The Fifteenth IEEE International Conference on Automated Software Engineering (ASE'00)},
	Isbn = {0-7695-0710-7},
	Pages = {3},
	Publisher = {IEEE Computer Society},
	Title = {Model Checking Programs},
	Year = {2000}}

@inproceedings{Robby-etal:TACAS2004,
	Author = {Robby and Edwin Rodr\'{i}guez and Matthew Dwyer and John Hatcliff},
	Bibsource = {DBLP, http://dblp.uni-trier.de},
	Booktitle = {Tools and Algorithms for the Construction and Analysis of Systems, 10th International Conference, TACAS 2004},
	Editor = {Kurt Jensen and Andreas Podelski},
	Isbn = {3-540-21299-X},
	Pages = {404--420},
	Publisher = {Springer},
	Series = {Lecture Notes in Computer Science},
	Title = {Checking Strong Specifications Using an Extensible Software Model Checking Framework},
	Volume = {2988},
	Year = {2004}}

@inproceedings{corbett00language,
	Author = {James C. Corbett and Matthew B. Dwyer and John Hatcliff and Robby},
	Booktitle = {{SPIN}},
	Pages = {205-223},
	Title = {A Language Framework for Expressing Checkable Properties of Dynamic Software},
	Url = {citeseer.ist.psu.edu/corbett00language.html},
	Year = {2000}}

@inproceedings{ball00bebop,
	Author = {Thomas Ball and Sriram K. Rajamani},
	Booktitle = {{SPIN}},
	Pages = {113--130},
	Title = {Bebop: A Symbolic Model Checker for {B}oolean Programs},
	Url = {citeseer.ist.psu.edu/ball00bebop.html},
	Year = {2000}}

@inproceedings{ball01automatic,
	Author = {Thomas Ball and Rupak Majumdar and Todd D. Millstein and Sriram K. Rajamani},
	Booktitle = {{SIGPLAN} Conference on Programming Language Design and Implementation},
	Pages = {203-213},
	Title = {Automatic Predicate Abstraction of {C} Programs},
	Url = {citeseer.ist.psu.edu/ball01automatic.html},
	Year = {2001}}

@inproceedings{yang04using,
	Author = {Junfeng Yang and Paul Twohey and Dawson Engler and Madanlal Musuvathi},
	Booktitle = {Proceedings of the Sixth Symposium on Operating Systems Design and Implementation},
	Title = {Using model checking to find serious file system errors},
	Year = {2004}}

@inproceedings{musuvathi:osdi:cmc,
	Author = {Madanlal Musuvathi and David Park and Andy Chou and Dawson R. Engler and David L. Dill},
	Booktitle = {Proceedings of the Fifth Symposium on Operating Systems Design and Implementation},
	Month = {December},
	Title = {{CMC: A Pragmatic Approach to Model Checking Real Code}},
	Url = {citeseer.ist.psu.edu/musuvathi02cmc.html},
	Year = {2002}}

@inproceedings{503274,
	Author = {Thomas Ball and Sriram K. Rajamani},
	Booktitle = {Proceedings of the 29th ACM SIGPLAN-SIGACT symposium on Principles of programming languages},
	Doi = {http://doi.acm.org/10.1145/503272.503274},
	Isbn = {1-58113-450-9},
	Location = {Portland, Oregon},
	Pages = {1--3},
	Publisher = {ACM Press},
	Title = {The {SLAM} project: debugging system software via static analysis},
	Year = {2002}}

@inproceedings{henzinger03software,
	Author = {T. Henzinger and R. Jhala and R. Majumdar and G. Sutre},
	Booktitle = {Proceedings of Tenth International Workshop on Model Checking of Software ({SPIN})},
	Pages = {235--239},
	Publisher = {Springer-Verlag},
	Series = {Lecture Notes in Computer Science},
	Title = {Software verification with {BLAST}},
	Url = {citeseer.ist.psu.edu/henzinger03software.html},
	Volume = {2988},
	Year = {2003}}

@inproceedings{ckl2004,
	Author = {Clarke, Edmund and Kroening, Daniel and Lerda, Flavio},
	Booktitle = {Tools and Algorithms for the Construction and Analysis of Systems (TACAS 2004)},
	Editor = {Kurt Jensen and Andreas Podelski},
	Isbn = {3-540-21299-X},
	Pages = {168--176},
	Publisher = {Springer},
	Series = {Lecture Notes in Computer Science},
	Title = {A Tool for Checking {ANSI-C} Programs},
	Volume = {2988},
	Year = {2004}}

@inproceedings{512558,
	Author = {Cormac Flanagan and K. Rustan M. Leino and Mark Lillibridge and Greg Nelson and James B. Saxe and Raymie Stata},
	Booktitle = {Proceedings of the ACM SIGPLAN 2002 Conference on Programming language design and implementation},
	Doi = {http://doi.acm.org/10.1145/512529.512558},
	Isbn = {1-58113-463-0},
	Location = {Berlin, Germany},
	Pages = {234--245},
	Publisher = {ACM Press},
	Title = {Extended static checking for {J}ava},
	Year = {2002}}

@inproceedings{tkachuk03automated,
	Author = {Oksana Tkachuk and Matthew B. Dwyer and Corina S. Pasarenau},
	Booktitle = {Proceedings of the 18th {IEEE} International Conference on Automated Software Engineering},
	Month = {October},
	Title = {Automated Environment Generation for Software Model Checking},
	Year = {2003}}

@inproceedings{hovemeyer04finding,
	Author = {David Hovemeyer and William Pugh},
	Booktitle = {Proceedings of the ACM SIGPLAN 2004 Conference on Programming language design and implementation},
	Month = {December},
	Note = {To appear.},
	Title = {Finding Bugs is Easy},
	Year = {2004}}

@inproceedings{rutar04comparison,
	Author = {Nick Rutar and Christian B. Almazan and Jeffrey S. Foster},
	Booktitle = {Proceedings of the 15th IEEE International Symposium on Software Reliability Engineering (ISSRE'04)},
	Month = {November},
	Note = {To appear.},
	Title = {A Comparison of Bug Finding Tools for {J}ava},
	Year = {2004}}

@inproceedings{1007543,
	Author = {Cormac Flanagan and Stephen N. Freund and Shaz Qadeer},
	Booktitle = {Proceedings of the 2004 ACM SIGSOFT international symposium on Software testing and analysis},
	Doi = {http://doi.acm.org/10.1145/1007512.1007543},
	Isbn = {1-58113-820-2},
	Location = {Boston, Massachusetts, USA},
	Pages = {221--231},
	Publisher = {ACM Press},
	Title = {Exploiting purity for atomicity},
	Year = {2004}}

@inproceedings{wang03runtimeRV,
	Author = {Liqiang Wang and Scott D. Stoller},
	Booktitle = {Proc.\ Third Workshop on Runtime Verification (RV)},
	Month = {July},
	Publisher = {Elsevier},
	Series = {Electronic Notes in Theoretical Computer Science},
	Title = {Run-Time Analysis for Atomicity},
	Volume = {89(2)},
	Year = {2003}}

@inproceedings{781169,
	Author = {Cormac Flanagan and Shaz Qadeer},
	Booktitle = {Proceedings of the ACM SIGPLAN 2003 conference on Programming language design and implementation},
	Doi = {http://doi.acm.org/10.1145/781131.781169},
	Isbn = {1-58113-662-5},
	Location = {San Diego, California, USA},
	Pages = {338--349},
	Publisher = {ACM Press},
	Title = {A type and effect system for atomicity},
	Year = {2003}}

@techreport{johnson78lint,
	Author = {S. C. Johnson},
	Institution = {Bell Laboratories},
	Number = {65},
	Title = {Lint, a {C} program checker},
	Year = {1978}}

@inproceedings{195297,
	Author = {David Evans and John Guttag and James Horning and Yang Meng Tan},
	Booktitle = {Proceedings of the 2nd ACM SIGSOFT symposium on Foundations of software engineering},
	Doi = {http://doi.acm.org/10.1145/193173.195297},
	Isbn = {0-89791-691-3},
	Location = {New Orleans, Louisiana, United States},
	Pages = {87--96},
	Publisher = {ACM Press},
	Title = {{LCLint}: a tool for using specifications to check code},
	Year = {1994}}

@inproceedings{231389,
	Author = {David Evans},
	Booktitle = {Proceedings of the ACM SIGPLAN 1996 conference on Programming language design and implementation},
	Doi = {http://doi.acm.org/10.1145/231379.231389},
	Isbn = {0-89791-795-2},
	Location = {Philadelphia, Pennsylvania, United States},
	Pages = {44--53},
	Publisher = {ACM Press},
	Title = {Static detection of dynamic memory errors},
	Year = {1996}}

@inproceedings{512560,
	Author = {Jong-Deok Choi and Keunwoo Lee and Alexey Loginov and Robert O'Callahan and Vivek Sarkar and Manu Sridharan},
	Booktitle = {Proceedings of the ACM SIGPLAN 2002 Conference on Programming language design and implementation},
	Doi = {http://doi.acm.org/10.1145/512529.512560},
	Isbn = {1-58113-463-0},
	Location = {Berlin, Germany},
	Pages = {258--269},
	Publisher = {ACM Press},
	Title = {Efficient and precise datarace detection for multithreaded object-oriented programs},
	Year = {2002}}

@inproceedings{302467,
	Author = {Michael D. Ernst and Jake Cockrell and William G. Griswold and David Notkin},
	Booktitle = {Proceedings of the 21st international conference on Software engineering},
	Isbn = {1-58113-074-0},
	Location = {Los Angeles, California, United States},
	Pages = {213--224},
	Publisher = {IEEE Computer Society Press},
	Title = {Dynamically discovering likely program invariants to support program evolution},
	Year = {1999}}

@article{karaorman99jcontractor,
	Author = {Murat Karaorman and Urs H{\"o}lzle and John Bruno},
	Journal = {Lecture Notes in Computer Science},
	Pages = {175--??},
	Title = {{jContractor}: {A} Reflective {Java} Library to Support Design by Contract},
	Url = {citeseer.ist.psu.edu/karaorman98jcontractor.html},
	Volume = {1616},
	Year = {1999}}

@inproceedings{zitser04testing,
	Author = {Misha Zitser and Richard Lippmann and Tim Leek},
	Booktitle = {Proceedings of the 12th ACM SIGSOFT International Symposium on the Foundations of Software Engineering},
	Pages = {97--106},
	Publisher = {ACM Press},
	Title = {Testing Static Analysis Tools using Exploitable Buffer Overflows from Open Source Code},
	Year = {2004}}

@inproceedings{775928,
	Author = {Edmund Clarke and Daniel Kroening and Karen Yorav},
	Booktitle = {Proceedings of the 40th conference on Design automation},
	Doi = {http://doi.acm.org/10.1145/775832.775928},
	Isbn = {1-58113-688-9},
	Location = {Anaheim, CA, USA},
	Pages = {368--371},
	Publisher = {ACM Press},
	Title = {Behavioral consistency of C and verilog programs using bounded model checking},
	Year = {2003}}

% arch-tag: da226dc3-3e86-4e5b-8530-b6639ff2fe4b

